@book{garcia2023manual,
  title={Manual de cálculo estructural},
  author={García Pérez, Andrés and Fernández de Toro Espejel, Jorge Javier},
  publisher={Instituto Universitario de Microgravedad “Ignacio Da Riva”}
}
