@misc{enunciado41,
    title = "Apuntes de clase",
    howpublished  = "https://moodle.upm.es/titulaciones/oficiales/pluginfile.php/10334256/mod_resource/content/4/3-Definici\%C3\%B3n\%20de\%20cargas\%20y\%20an\%C3\%A1lisis_2022-2023.pdf}"
    }
    
@misc{enunciado,
    title = "Ejercico de clase 4.1",
    howpublished  = "\url{https://moodle.upm.es/titulaciones/oficiales/pluginfile.php/10256870/mod_resource/content/17/Ejercicio20MCPL_presurizacion.pdf}"
}   
    
@misc{teoria4,
    title = "Teoría Tema 4",
    howpublished = "\url{https://moodle.upm.es/titulaciones/oficiales/pluginfile.php/10256825/mod_resource/content/13/04_MUSE_MCPL.pdf}"}

@misc{InfoAcero,
    title = "Información sobre la aleación \textbf{A-286}",
    howpublished = "\url{https://rb.gy/o6nfpm}."}

@misc{InfoAceroMAL,
    title = "Especificaciones consultadas inicialmente sobre las propiedades de aleación \textbf{A-286}",
    howpublished = "\url{https://www.techsteel.net/alloy/stainless-steel/a286}."}    

@misc{InfoAceroBIEN,
    title = "Especificaciones empleadas sobre las propiedades de aleación \textbf{A-286}",
    howpublished = "\url{https://www.neonickel.com/es/alloys/aceros-inoxidables/a-286/}."}


@misc{InfoALLI,
    title = "Manual de usuario del Falcon 1",
    howpublished = "\url{http://www.georing.biz/usefull/Falcon1UsersGuide.pdf}."}

@misc{InfoALLIWIKIPEDIA,
    title = "Información sobre la aleación Al-Li-2195",
    howpublished = "\url{https://en.wikipedia.org/wiki/2195_aluminium_alloy}."}

@misc{AlLiSpecs,
    title = "Especificaciones de la aleación Al-Li-2195",
    howpublished = "\url{https://www.samaterials.com/aluminium/1774-2195-aluminum-lithium-alloy.html}."}

@misc{TeoriaCompuestos,
    title = "Materiales compuestos",
    howpublished = "\url{https://ingemecanica.com/tutorialsemanal/tutorialn114.html}."}

@misc{InfoRangoTemperaturasApollo,
    title = "Información sobre el sistema RCS del sistema de descenso lunar del Apollo",
    howpublished = "\url{https://www.enginehistory.org/Rockets/RPE09.45/RPE09.45.shtml}."}
    


% @misc{diapos,
%   title        = "Perturbaciones orbitales y tipos de órbitas",
%   author       = "{Javier Cubas}",
%   howpublished = "\url{https://moodle.upm.es/titulaciones/oficiales/pluginfile.php/10925576/mod_resource/content/0/4 Perturbaciones Orbitales.pdf}",
%   year         = 2022
% }

% @misc{enunciado41,
%     author = "{NASA} ",
%     title = "NASA Trajectory browser",
%     howpublished  = "\url{\textbf{https://trajbrowser.arc.nasa.gov/traj_browser.php}https://moodle.upm.es/titulaciones/oficiales/pluginfile.php/10256863/mod_resource/content/5/2020-21\%20_\%20Tema\%204\%20-\%20Problema\%201.pdf}"}
